<record><leader>00000cas a2200000 a 4500</leader><controlfield tag="001">35957117</controlfield><controlfield tag="008">961119d18uu1uuumiuwr ne      0    0eng c</controlfield><datafield ind1=" " ind2=" " tag="010"><subfield code="a">sn 96077263 </subfield></datafield><datafield ind1=" " ind2=" " tag="040"><subfield code="a">MHN</subfield><subfield code="b">eng</subfield><subfield code="c">MHN</subfield><subfield code="d">OCL</subfield><subfield code="d">OCLCQ</subfield><subfield code="d">OCLCO</subfield></datafield><datafield ind1="1" ind2=" " tag="029"><subfield code="a">AU@</subfield><subfield code="b">000012971696</subfield></datafield><datafield ind1=" " ind2=" " tag="042"><subfield code="a">pcc</subfield></datafield><datafield ind1=" " ind2=" " tag="043"><subfield code="a">n-us-mi</subfield></datafield><datafield ind1="0" ind2=" " tag="130"><subfield code="a">Minden herald (Minden City, Mich.)</subfield></datafield><datafield ind1="1" ind2="0" tag="245"><subfield code="a">Minden herald.</subfield></datafield><datafield ind1=" " ind2=" " tag="260"><subfield code="a">Minden City, Mich. :</subfield><subfield code="b">Herald Pub. Co.</subfield></datafield><datafield ind1=" " ind2=" " tag="300"><subfield code="a">v.</subfield></datafield><datafield ind1=" " ind2=" " tag="310"><subfield code="a">Weekly</subfield></datafield><datafield ind1=" " ind2=" " tag="580"><subfield code="a">Continued by: Minden City herald?</subfield></datafield><datafield ind1=" " ind2=" " tag="588"><subfield code="a">Description based on: Vol. 4, no. 12 (Sept. 8, 1893).</subfield></datafield><datafield ind1=" " ind2="0" tag="651"><subfield code="a">Minden City (Mich.)</subfield><subfield code="v">Newspapers.</subfield></datafield><datafield ind1=" " ind2="0" tag="651"><subfield code="a">Sanilac County (Mich.)</subfield><subfield code="v">Newspapers.</subfield></datafield><datafield ind1=" " ind2=" " tag="752"><subfield code="a">United States</subfield><subfield code="b">Michigan</subfield><subfield code="c">Sanilac</subfield><subfield code="d">Minden City.</subfield></datafield><datafield ind1="1" ind2="0" tag="785"><subfield code="t">Minden City herald</subfield><subfield code="w">(DLC)sn 96077264</subfield><subfield code="w">(OCoLC)35981271</subfield></datafield></record>